<?xml version="1.0" encoding="UTF-8"?>
<marc:record xmlns:marc="http://www.loc.gov/MARC21/slim" xmlns:xsi="http://www.w3.org/2001/XMLSchema-instance" xsi:schemaLocation="http://www.loc.gov/standards/marcxml/schema/MARC21slim.xsd">
  <marc:leader>00000ndm a2200000 u 4500</marc:leader>
  <marc:controlfield tag="001">300001384</marc:controlfield>
  <marc:controlfield tag="003">DE-633</marc:controlfield>
  <marc:controlfield tag="005">20201029163410.0</marc:controlfield>
  <marc:controlfield tag="008">151021##################################</marc:controlfield>
  <marc:datafield tag="031" ind1=" " ind2=" ">
    <marc:subfield code="a">1</marc:subfield>
    <marc:subfield code="b">1</marc:subfield>
    <marc:subfield code="c">1</marc:subfield>
    <marc:subfield code="d">Kyrie</marc:subfield>
    <marc:subfield code="d">Largetto</marc:subfield>
    <marc:subfield code="g">G-2</marc:subfield>
    <marc:subfield code="m">vl 1</marc:subfield>
    <marc:subfield code="n">xF</marc:subfield>
    <marc:subfield code="o">2/4</marc:subfield>
    <marc:subfield code="p">{8.''G3'B''C}{6D'B''EC}/{8'AAA}6-B/{8.''C6'A}{BAGF}/{GGAB}{''CDEF}/</marc:subfield>
    <marc:subfield code="r">G</marc:subfield>
    <marc:subfield code="2">pe</marc:subfield>
  </marc:datafield>
  <marc:datafield tag="031" ind1=" " ind2=" ">
    <marc:subfield code="a">1</marc:subfield>
    <marc:subfield code="b">1</marc:subfield>
    <marc:subfield code="c">2</marc:subfield>
    <marc:subfield code="g">C-1</marc:subfield>
    <marc:subfield code="m">Coro S</marc:subfield>
    <marc:subfield code="n">xF</marc:subfield>
    <marc:subfield code="o">2/4</marc:subfield>
    <marc:subfield code="p">8.'B6''C8D{6EC}/4'A8A6-B/8.''C6'A{BAGF}/4G-/</marc:subfield>
    <marc:subfield code="r">G</marc:subfield>
    <marc:subfield code="t">Kyrie eleison Christe eleison Kyrie eleison Christe audi nos</marc:subfield>
    <marc:subfield code="2">pe</marc:subfield>
  </marc:datafield>
  <marc:datafield tag="031" ind1=" " ind2=" ">
    <marc:subfield code="a">1</marc:subfield>
    <marc:subfield code="b">2</marc:subfield>
    <marc:subfield code="c">1</marc:subfield>
    <marc:subfield code="d">Mater</marc:subfield>
    <marc:subfield code="d">Allegro</marc:subfield>
    <marc:subfield code="g">G-2</marc:subfield>
    <marc:subfield code="m">vl 1</marc:subfield>
    <marc:subfield code="o">3/4</marc:subfield>
    <marc:subfield code="p">4''CCC/q6D{8C6'B''C}4'B-/{6''DC'BA}{8G''DEF}/q6G{8F6EF}4E-/</marc:subfield>
    <marc:subfield code="r">C</marc:subfield>
    <marc:subfield code="2">pe</marc:subfield>
  </marc:datafield>
  <marc:datafield tag="031" ind1=" " ind2=" ">
    <marc:subfield code="a">1</marc:subfield>
    <marc:subfield code="b">2</marc:subfield>
    <marc:subfield code="c">2</marc:subfield>
    <marc:subfield code="g">C-1</marc:subfield>
    <marc:subfield code="m">Coro S</marc:subfield>
    <marc:subfield code="o">3/4</marc:subfield>
    <marc:subfield code="p">4-''CC/q6D{8C'6B''C}4'B-/''D8DDEF/q6G8F{6EF}4E-/</marc:subfield>
    <marc:subfield code="r">C</marc:subfield>
    <marc:subfield code="t">Mater Christi</marc:subfield>
    <marc:subfield code="2">pe</marc:subfield>
  </marc:datafield>
  <marc:datafield tag="031" ind1=" " ind2=" ">
    <marc:subfield code="a">1</marc:subfield>
    <marc:subfield code="b">3</marc:subfield>
    <marc:subfield code="c">1</marc:subfield>
    <marc:subfield code="d">Salus</marc:subfield>
    <marc:subfield code="d">Largo</marc:subfield>
    <marc:subfield code="g">G-2</marc:subfield>
    <marc:subfield code="m">cl 1 in C solo</marc:subfield>
    <marc:subfield code="o">3/4</marc:subfield>
    <marc:subfield code="p">=4/4-4''GG/2.G/4G6{'''DC''B'''C}{8EC}/''4A8G6q''A8G6qF8E6qD8C/4C'B''C/</marc:subfield>
    <marc:subfield code="q">In PodejkoK 1992 mentioned as separate part, not visually highlited in the manuscript</marc:subfield>
    <marc:subfield code="q">Incipit transcribed from cl 1 part; melody notated in vl 1 part for reference purposes differs in details</marc:subfield>
    <marc:subfield code="q">[pl-text: W PodejkoK1992 wymieniona jako osobna część, nie wyróżniona wizualnie w rękopisie]</marc:subfield>
    <marc:subfield code="q">[pl-text: Incipit spisany z głosu cl 1; melodia zapisana w głosie vl 1 dla celów poglądowych różni się w szczegółach]</marc:subfield>
    <marc:subfield code="r">C</marc:subfield>
    <marc:subfield code="2">pe</marc:subfield>
  </marc:datafield>
  <marc:datafield tag="031" ind1=" " ind2=" ">
    <marc:subfield code="a">1</marc:subfield>
    <marc:subfield code="b">3</marc:subfield>
    <marc:subfield code="c">2</marc:subfield>
    <marc:subfield code="g">C-1</marc:subfield>
    <marc:subfield code="m">Coro S</marc:subfield>
    <marc:subfield code="o">3/4</marc:subfield>
    <marc:subfield code="p">''2C4C/2D4D/EFD/2C4Dt6{qCqD}/4C4--/</marc:subfield>
    <marc:subfield code="r">C</marc:subfield>
    <marc:subfield code="t">Salus infirmorum</marc:subfield>
    <marc:subfield code="2">pe</marc:subfield>
  </marc:datafield>
  <marc:datafield tag="031" ind1=" " ind2=" ">
    <marc:subfield code="a">1</marc:subfield>
    <marc:subfield code="b">4</marc:subfield>
    <marc:subfield code="c">1</marc:subfield>
    <marc:subfield code="d">Regina</marc:subfield>
    <marc:subfield code="d">Allegro</marc:subfield>
    <marc:subfield code="g">G-2</marc:subfield>
    <marc:subfield code="m">vl 1</marc:subfield>
    <marc:subfield code="n">xF</marc:subfield>
    <marc:subfield code="o">6/8</marc:subfield>
    <marc:subfield code="p">8'D/4G8A{FED}/4G8AB-D/{''DCC}{C'BB}/4.B8A-{6GA}/</marc:subfield>
    <marc:subfield code="r">G</marc:subfield>
    <marc:subfield code="2">pe</marc:subfield>
  </marc:datafield>
  <marc:datafield tag="031" ind1=" " ind2=" ">
    <marc:subfield code="a">1</marc:subfield>
    <marc:subfield code="b">4</marc:subfield>
    <marc:subfield code="c">2</marc:subfield>
    <marc:subfield code="d">Allegro</marc:subfield>
    <marc:subfield code="g">F-4</marc:subfield>
    <marc:subfield code="m">B</marc:subfield>
    <marc:subfield code="n">xF</marc:subfield>
    <marc:subfield code="o">6/8</marc:subfield>
    <marc:subfield code="p">=15/4-8-4-8,D/4G8A{FE}D/4G{3BAGA}8B-D/{'DC}CC,BB/4.B8A</marc:subfield>
    <marc:subfield code="r">G</marc:subfield>
    <marc:subfield code="t">Regina angelorum</marc:subfield>
    <marc:subfield code="2">pe</marc:subfield>
  </marc:datafield>
  <marc:datafield tag="031" ind1=" " ind2=" ">
    <marc:subfield code="a">1</marc:subfield>
    <marc:subfield code="b">5</marc:subfield>
    <marc:subfield code="c">1</marc:subfield>
    <marc:subfield code="d">Agnus</marc:subfield>
    <marc:subfield code="d">Adagio</marc:subfield>
    <marc:subfield code="g">G-2</marc:subfield>
    <marc:subfield code="m">vl 1</marc:subfield>
    <marc:subfield code="n">xF</marc:subfield>
    <marc:subfield code="o">3/4</marc:subfield>
    <marc:subfield code="p">4''D'BG/{6GFAG}4F-/A{8D''CDC}/4C'B-/</marc:subfield>
    <marc:subfield code="r">G</marc:subfield>
    <marc:subfield code="2">pe</marc:subfield>
  </marc:datafield>
  <marc:datafield tag="031" ind1=" " ind2=" ">
    <marc:subfield code="a">1</marc:subfield>
    <marc:subfield code="b">5</marc:subfield>
    <marc:subfield code="c">2</marc:subfield>
    <marc:subfield code="d">Adagio</marc:subfield>
    <marc:subfield code="g">C-1</marc:subfield>
    <marc:subfield code="m">Coro S</marc:subfield>
    <marc:subfield code="n">xF</marc:subfield>
    <marc:subfield code="o">3/4</marc:subfield>
    <marc:subfield code="p">4''D'BG/q6G4FF-/-8-{''CD}C/4C'B-/</marc:subfield>
    <marc:subfield code="r">G</marc:subfield>
    <marc:subfield code="t">Agnus Dei qui tollis peccata mundi parce nobis Domine</marc:subfield>
    <marc:subfield code="2">pe</marc:subfield>
  </marc:datafield>
  <marc:datafield tag="040" ind1=" " ind2=" ">
    <marc:subfield code="a">DE-633</marc:subfield>
    <marc:subfield code="b">eng</marc:subfield>
  </marc:datafield>
  <marc:datafield tag="041" ind1="0" ind2=" ">
    <marc:subfield code="a">lat</marc:subfield>
  </marc:datafield>
  <marc:datafield tag="100" ind1="1" ind2=" ">
    <marc:subfield code="a">Volckmer, Augustin</marc:subfield>
    <marc:subfield code="d">1755-1820c</marc:subfield>
    <marc:subfield code="j">Ascertained</marc:subfield>
    <marc:subfield code="0">pe30020656</marc:subfield>
  </marc:datafield>
  <marc:datafield tag="240" ind1="1" ind2="0">
    <marc:subfield code="a">Litanies</marc:subfield>
    <marc:subfield code="m">V(X), Coro, orch, org</marc:subfield>
    <marc:subfield code="r">G</marc:subfield>
    <marc:subfield code="0">3900164</marc:subfield>
  </marc:datafield>
  <marc:datafield tag="245" ind1="1" ind2="0">
    <marc:subfield code="a">[cover title:] LITANIAE in G. | â | Canto. Alto. Tenore. | Basso. | Violino Primo et Secondo. | Hoboe Primo et Secondo | Cornu Primo et Secondo | Viola. | con | Organo. | Authore Augustino Volckmer. | pro Choro CMC.</marc:subfield>
  </marc:datafield>
  <marc:datafield tag="260" ind1=" " ind2=" ">
    <marc:subfield code="c">1755-1820</marc:subfield>
    <marc:subfield code="8">01</marc:subfield>
  </marc:datafield>
  <marc:datafield tag="300" ind1=" " ind2=" ">
    <marc:subfield code="a">12 parts</marc:subfield>
    <marc:subfield code="c">36 (35,5) x 22,5 (22) cm</marc:subfield>
    <marc:subfield code="8">01</marc:subfield>
  </marc:datafield>
  <marc:datafield tag="500" ind1=" " ind2=" ">
    <marc:subfield code="a">Coro S on paper with "GROS CANTZLEI" watermark</marc:subfield>
    <marc:subfield code="8">01</marc:subfield>
  </marc:datafield>
  <marc:datafield tag="500" ind1=" " ind2=" ">
    <marc:subfield code="a">[pl-text: Głos Coro S zapisany na papierze ze znakiem wodnym "GROS CANTZLEI"]</marc:subfield>
    <marc:subfield code="8">01</marc:subfield>
  </marc:datafield>
  <marc:datafield tag="500" ind1=" " ind2=" ">
    <marc:subfield code="a">Coro A on paper with the watermark of crowned eagle with sceptre and sword and illegible name of papermill</marc:subfield>
    <marc:subfield code="8">01</marc:subfield>
  </marc:datafield>
  <marc:datafield tag="500" ind1=" " ind2=" ">
    <marc:subfield code="a">[pl-text: Głos Coro A zapisany na papierze ze znakiem wodnym "[crowned eagle with sceptre and sword] | [illegible]"]</marc:subfield>
    <marc:subfield code="8">01</marc:subfield>
  </marc:datafield>
  <marc:datafield tag="500" ind1=" " ind2=" ">
    <marc:subfield code="a">Coro T on paper with the watermark of St. Peter in oval cartouche</marc:subfield>
    <marc:subfield code="8">01</marc:subfield>
  </marc:datafield>
  <marc:datafield tag="500" ind1=" " ind2=" ">
    <marc:subfield code="a">[pl-text: Głos Coro T na papierze z wizerunkiem Św. Piotra w owalnym kartuszu]</marc:subfield>
    <marc:subfield code="8">01</marc:subfield>
  </marc:datafield>
  <marc:datafield tag="500" ind1=" " ind2=" ">
    <marc:subfield code="a">Coro B, vl 1, 2, cl 1, 2 on paper with the watermark "REINETRZ / [St Peter in oval cartouche]"</marc:subfield>
    <marc:subfield code="8">01</marc:subfield>
  </marc:datafield>
  <marc:datafield tag="500" ind1=" " ind2=" ">
    <marc:subfield code="a">[pl-text: Głosy Coro B, vl 1, 2, cl 1, 2 na papierze ze znakiem wodnym "REINETRZ / [St Peter in oval cartouche]"]</marc:subfield>
    <marc:subfield code="8">01</marc:subfield>
  </marc:datafield>
  <marc:datafield tag="500" ind1=" " ind2=" ">
    <marc:subfield code="a">cor 1 on paper with the watermark "[crowned eagle with sceptre and sword] | REINETRZ"</marc:subfield>
    <marc:subfield code="8">01</marc:subfield>
  </marc:datafield>
  <marc:datafield tag="500" ind1=" " ind2=" ">
    <marc:subfield code="a">[pl-text: głos cor 1 na papierze ze znakiem wodnym "[crowned eagle with sceptre and sword] | REINETRZ"]</marc:subfield>
    <marc:subfield code="8">01</marc:subfield>
  </marc:datafield>
  <marc:datafield tag="500" ind1=" " ind2=" ">
    <marc:subfield code="a">cor 2 without watermark</marc:subfield>
    <marc:subfield code="8">01</marc:subfield>
  </marc:datafield>
  <marc:datafield tag="500" ind1=" " ind2=" ">
    <marc:subfield code="a">[pl-text: głos cor 2 bez znaku wodnego]</marc:subfield>
    <marc:subfield code="8">01</marc:subfield>
  </marc:datafield>
  <marc:datafield tag="500" ind1=" " ind2=" ">
    <marc:subfield code="a">vla obl. and org on paper with the watermark "[crowned eagle with sceptre and sword] | Liegnitz / GROS CANTZLEI"</marc:subfield>
    <marc:subfield code="8">01</marc:subfield>
  </marc:datafield>
  <marc:datafield tag="500" ind1=" " ind2=" ">
    <marc:subfield code="a">[pl-text: głos vla obl. and org na papierze ze znakiem wodnym "[crowned eagle with sceptre and sword] | Liegnitz / GROS CANTZLEI"]</marc:subfield>
    <marc:subfield code="8">01</marc:subfield>
  </marc:datafield>
  <marc:datafield tag="500" ind1=" " ind2=" ">
    <marc:subfield code="a">Coro S, A, vla, org by other hand, dimensions of these parts: 35,5 x 22 cm; cf. PL-CZ III-832 (RISM ID no. 300001385)</marc:subfield>
    <marc:subfield code="8">01</marc:subfield>
  </marc:datafield>
  <marc:datafield tag="500" ind1=" " ind2=" ">
    <marc:subfield code="a">[pl-text: Głosy Coro S, A, vla, org inną ręką, wymiary: 35,5 x 22 cm; cf. PL-CZ III-832 (RISM ID no. 300001385)]</marc:subfield>
    <marc:subfield code="8">01</marc:subfield>
  </marc:datafield>
  <marc:datafield tag="500" ind1=" " ind2=" ">
    <marc:subfield code="a">Former shelfmarks on front cover sticker: top right with black ink by M. Zabłocki's hand "N|r|o 8" crossed out; later top centre with red pencil "N 3"; later below with pencil by unknown Pauline monk's hand "N|o 11"</marc:subfield>
  </marc:datafield>
  <marc:datafield tag="500" ind1=" " ind2=" ">
    <marc:subfield code="a">[pl-text: Dawna sygnatura na f. 1r okładki: na naklejce u góry po prawej czarnym atramentem ręką M. Zabłockiego "N|r|o 8" przekreślona; późniejsza na górze pośrodku czerwonym ołówkiem "N 3"; późniejsza poniżej ołówkiem ręką nieznanego Paulina "N|o 11"]</marc:subfield>
  </marc:datafield>
  <marc:datafield tag="500" ind1=" " ind2=" ">
    <marc:subfield code="a">Round stamp "* ARCHIVUM * C.M.C." on cover f. 1r, 2v, Coro A f. 1r and last verso f. of Coro S, T, B, vl 1, 2, vla, cl 1, 2, cor 1, org</marc:subfield>
  </marc:datafield>
  <marc:datafield tag="500" ind1=" " ind2=" ">
    <marc:subfield code="a">[pl-text: Okrągły stempel "* ARCHIVUM * C.M.C." na f. 1r i 2v okładki oraz na ostatniej stronie głosów Coro S, T, B, vl 1, 2, vla, cl 1, 2, cor 1, org]</marc:subfield>
  </marc:datafield>
  <marc:datafield tag="500" ind1=" " ind2=" ">
    <marc:subfield code="a">Solo sections in B, cl 1, cor 1, 2, org</marc:subfield>
  </marc:datafield>
  <marc:datafield tag="500" ind1=" " ind2=" ">
    <marc:subfield code="a">[pl-text: Odcinki solowe w głosach B, cl 1, cor 1, 2, org]</marc:subfield>
  </marc:datafield>
  <marc:datafield tag="500" ind1=" " ind2=" ">
    <marc:subfield code="a">The manuscript contains dynamics and other performance markings with red ink</marc:subfield>
  </marc:datafield>
  <marc:datafield tag="500" ind1=" " ind2=" ">
    <marc:subfield code="a">[pl-text: Rękopis zawiera oznaczenia dymnamiczne i inne oznaczenia wykonawcze czerwonym atramentem]</marc:subfield>
  </marc:datafield>
  <marc:datafield tag="500" ind1=" " ind2=" ">
    <marc:subfield code="a">The manuscript contains folio numbers 1-19 with pencil</marc:subfield>
  </marc:datafield>
  <marc:datafield tag="500" ind1=" " ind2=" ">
    <marc:subfield code="a">[pl-text: Rękopis zawiera numery folio ołówkiem 1-19]</marc:subfield>
  </marc:datafield>
  <marc:datafield tag="500" ind1=" " ind2=" ">
    <marc:subfield code="a">Comment on scoring: cl instead of ob</marc:subfield>
  </marc:datafield>
  <marc:datafield tag="500" ind1=" " ind2=" ">
    <marc:subfield code="a">Duplicate under PodejkoK 1992 no. 1500a, PL-CZ III-832 (RISM ID no. 300001385)</marc:subfield>
  </marc:datafield>
  <marc:datafield tag="500" ind1=" " ind2=" ">
    <marc:subfield code="a">[pl-text: Dublet oznaczony w PodejkoK 1992 numerem 1500a, sygnatura PL-CZ III-832 (RISM ID no. 300001385)]</marc:subfield>
  </marc:datafield>
  <marc:datafield tag="500" ind1=" " ind2=" ">
    <marc:subfield code="a">Concordances: RISM ID no. 303005233 (PL-OPsm RN 500); 1001055470 (PL-Wu RM 5053)</marc:subfield>
  </marc:datafield>
  <marc:datafield tag="500" ind1=" " ind2=" ">
    <marc:subfield code="a">[pl-text: Konkordancje: RISM ID no. 303005233 (PL-OPsm RN 500); 1001055470 (PL-Wu RM 5053)]</marc:subfield>
  </marc:datafield>
  <marc:datafield tag="561" ind1=" " ind2=" ">
    <marc:subfield code="a">Front cover sticker bottom: "pro Choro CMC."</marc:subfield>
  </marc:datafield>
  <marc:datafield tag="563" ind1=" " ind2=" ">
    <marc:subfield code="a">each part separate; all parts kept together in a paste-paper hardcover with red floral pattern and straps of blue paste paper with black floral pattern along the spin and framing front cover; inside of the cover white with a scrap of music manuscript glued at the back cover inside bottom; on the f. 1r white cartouche-shaped sticker with the title of the piece</marc:subfield>
    <marc:subfield code="8">01</marc:subfield>
  </marc:datafield>
  <marc:datafield tag="563" ind1=" " ind2=" ">
    <marc:subfield code="a">[pl-text: każdy głos oddzielny; wszystkie głosy trzymane razem w usztywnianej okładce z czerwonym roślinnym wzorem po stronie zewnętrznej i paskami niebieskiego ozdobnego papieru z czarnym roślinnym wzprem wzdłuż grzbietu i na brzegach f. 1r; wewnętrzna strona biała, na dole przyklejony fragment rękopisu muzycznego; na f. 1r biała naklejka w kształcie kartusza z tytułem dzieła]</marc:subfield>
    <marc:subfield code="8">01</marc:subfield>
  </marc:datafield>
  <marc:datafield tag="590" ind1=" " ind2=" ">
    <marc:subfield code="a">Solo and Coro: S, A, T, B</marc:subfield>
    <marc:subfield code="b">1, 1, 1, 2 f.</marc:subfield>
    <marc:subfield code="8">01</marc:subfield>
  </marc:datafield>
  <marc:datafield tag="590" ind1=" " ind2=" ">
    <marc:subfield code="a">vl 1, 2, vla obl</marc:subfield>
    <marc:subfield code="b">3, 2, 2 f.</marc:subfield>
    <marc:subfield code="8">01</marc:subfield>
  </marc:datafield>
  <marc:datafield tag="590" ind1=" " ind2=" ">
    <marc:subfield code="a">org (= bc)</marc:subfield>
    <marc:subfield code="b">3 f.</marc:subfield>
    <marc:subfield code="8">01</marc:subfield>
  </marc:datafield>
  <marc:datafield tag="590" ind1=" " ind2=" ">
    <marc:subfield code="a">cl 1, 2 in C</marc:subfield>
    <marc:subfield code="b">1, 1 f.</marc:subfield>
    <marc:subfield code="8">01</marc:subfield>
  </marc:datafield>
  <marc:datafield tag="590" ind1=" " ind2=" ">
    <marc:subfield code="a">cor 1, 2 in G</marc:subfield>
    <marc:subfield code="b">1, 1 f.</marc:subfield>
    <marc:subfield code="8">01</marc:subfield>
  </marc:datafield>
  <marc:datafield tag="592" ind1=" " ind2=" ">
    <marc:subfield code="a">GROS CANTZLEI</marc:subfield>
    <marc:subfield code="8">01</marc:subfield>
  </marc:datafield>
  <marc:datafield tag="592" ind1=" " ind2=" ">
    <marc:subfield code="a">[crowned eagle with sceptre and sword] | [illegible]</marc:subfield>
    <marc:subfield code="8">01</marc:subfield>
  </marc:datafield>
  <marc:datafield tag="592" ind1=" " ind2=" ">
    <marc:subfield code="a">[St. Peter in oval cartouche]</marc:subfield>
    <marc:subfield code="8">01</marc:subfield>
  </marc:datafield>
  <marc:datafield tag="592" ind1=" " ind2=" ">
    <marc:subfield code="a">REINETRZ / [St Peter in oval cartouche]</marc:subfield>
    <marc:subfield code="8">01</marc:subfield>
  </marc:datafield>
  <marc:datafield tag="592" ind1=" " ind2=" ">
    <marc:subfield code="a">[crowned eagle with sceptre and sword] | Liegnitz / GROS CANTZLEI</marc:subfield>
    <marc:subfield code="8">01</marc:subfield>
  </marc:datafield>
  <marc:datafield tag="592" ind1=" " ind2=" ">
    <marc:subfield code="a">[crowned eagle with sceptre and sword] | REINETRZ</marc:subfield>
    <marc:subfield code="8">01</marc:subfield>
  </marc:datafield>
  <marc:datafield tag="593" ind1=" " ind2=" ">
    <marc:subfield code="a">Manuscript copy</marc:subfield>
    <marc:subfield code="8">01</marc:subfield>
  </marc:datafield>
  <marc:datafield tag="594" ind1=" " ind2=" ">
    <marc:subfield code="b">B</marc:subfield>
    <marc:subfield code="c">1</marc:subfield>
  </marc:datafield>
  <marc:datafield tag="594" ind1=" " ind2=" ">
    <marc:subfield code="b">Coro S</marc:subfield>
    <marc:subfield code="c">1</marc:subfield>
  </marc:datafield>
  <marc:datafield tag="594" ind1=" " ind2=" ">
    <marc:subfield code="b">Coro A</marc:subfield>
    <marc:subfield code="c">1</marc:subfield>
  </marc:datafield>
  <marc:datafield tag="594" ind1=" " ind2=" ">
    <marc:subfield code="b">Coro T</marc:subfield>
    <marc:subfield code="c">1</marc:subfield>
  </marc:datafield>
  <marc:datafield tag="594" ind1=" " ind2=" ">
    <marc:subfield code="b">Coro B</marc:subfield>
    <marc:subfield code="c">1</marc:subfield>
  </marc:datafield>
  <marc:datafield tag="594" ind1=" " ind2=" ">
    <marc:subfield code="b">vl</marc:subfield>
    <marc:subfield code="c">2</marc:subfield>
  </marc:datafield>
  <marc:datafield tag="594" ind1=" " ind2=" ">
    <marc:subfield code="b">vla</marc:subfield>
    <marc:subfield code="c">1</marc:subfield>
  </marc:datafield>
  <marc:datafield tag="594" ind1=" " ind2=" ">
    <marc:subfield code="b">cl in C</marc:subfield>
    <marc:subfield code="c">2</marc:subfield>
  </marc:datafield>
  <marc:datafield tag="594" ind1=" " ind2=" ">
    <marc:subfield code="b">cor in G</marc:subfield>
    <marc:subfield code="c">2</marc:subfield>
  </marc:datafield>
  <marc:datafield tag="594" ind1=" " ind2=" ">
    <marc:subfield code="b">org</marc:subfield>
    <marc:subfield code="c">1</marc:subfield>
  </marc:datafield>
  <marc:datafield tag="594" ind1=" " ind2=" ">
    <marc:subfield code="a">B, Coro S, Coro A, Coro T, Coro B, vl (2), vla, cl in C (2), cor in G (2), org</marc:subfield>
  </marc:datafield>
  <marc:datafield tag="599" ind1=" " ind2=" ">
    <marc:subfield code="b">full</marc:subfield>
  </marc:datafield>
  <marc:datafield tag="650" ind1="0" ind2="7">
    <marc:subfield code="a">Litanies</marc:subfield>
    <marc:subfield code="0">25137</marc:subfield>
  </marc:datafield>
  <marc:datafield tag="691" ind1=" " ind2="7">
    <marc:subfield code="a">PodejkoK 1992</marc:subfield>
    <marc:subfield code="n">no.1500</marc:subfield>
    <marc:subfield code="0">lit1869</marc:subfield>
  </marc:datafield>
  <marc:datafield tag="691" ind1=" " ind2="7">
    <marc:subfield code="a">ZabłockiC 1819</marc:subfield>
    <marc:subfield code="n">p. 35, no. 8</marc:subfield>
    <marc:subfield code="0">lit1886</marc:subfield>
  </marc:datafield>
  <marc:datafield tag="700" ind1="1" ind2=" ">
    <marc:subfield code="a">Zabłocki, Michał</marc:subfield>
    <marc:subfield code="d">1833+</marc:subfield>
    <marc:subfield code="0">pe30085912</marc:subfield>
    <marc:subfield code="4">oth</marc:subfield>
  </marc:datafield>
  <marc:datafield tag="700" ind1="1" ind2=" ">
    <marc:subfield code="a">Volckmer, Franz</marc:subfield>
    <marc:subfield code="d">18/19</marc:subfield>
    <marc:subfield code="j">Ascertained</marc:subfield>
    <marc:subfield code="0">pe30108893</marc:subfield>
    <marc:subfield code="4">scr</marc:subfield>
    <marc:subfield code="8">01</marc:subfield>
  </marc:datafield>
  <marc:datafield tag="710" ind1="2" ind2=" ">
    <marc:subfield code="a">Capella Claromontana</marc:subfield>
    <marc:subfield code="g">Ascertained</marc:subfield>
    <marc:subfield code="0">ks51003322</marc:subfield>
    <marc:subfield code="4">fmo</marc:subfield>
  </marc:datafield>
  <marc:datafield tag="730" ind1="0" ind2=" ">
    <marc:subfield code="a">Litaniae Lauretanae</marc:subfield>
    <marc:subfield code="g">RISM</marc:subfield>
    <marc:subfield code="0">3900952</marc:subfield>
  </marc:datafield>
  <marc:datafield tag="852" ind1=" " ind2=" ">
    <marc:subfield code="a">PL-CZ</marc:subfield>
    <marc:subfield code="d">N|r|o 8</marc:subfield>
    <marc:subfield code="d">N 3</marc:subfield>
    <marc:subfield code="d">N|o 11</marc:subfield>
    <marc:subfield code="e">Klasztor OO. Paulinów Jasna Góra - Biblioteka</marc:subfield>
    <marc:subfield code="x">ks30002070</marc:subfield>
    <marc:subfield code="c">III-694</marc:subfield>
    <marc:subfield code="p"/>
    <marc:subfield code="q"/>
    <marc:subfield code="u"/>
    <marc:subfield code="z"/>
  </marc:datafield>
</marc:record>
